% This file was created with JabRef 2.10b2.
% Encoding: UTF-8

@InProceedings{HSW13,
author="Herbreteau, F.
and Srivathsan, B.
and Walukiewicz, I.",
title="Lazy Abstractions for Timed Automata",
booktitle="CAV",
year="2013",
publisher="Springer",
pages="990--1005",
}

@article{ClarkeGJLV03,
  author    = {E.M. Clarke and
               O. Grumberg and
               S. Jha and
               Y. Lu and
               H. Veith},
  title     = {Counterexample-guided abstraction refinement for symbolic model checking},
  journal   = {J. {ACM}},
  volume    = {50},
  number    = {5},
  pages     = {752--794},
  year      = {2003},
  url       = {http://doi.acm.org/10.1145/876638.876643},
  doi       = {10.1145/876638.876643},
  timestamp = {Thu, 09 Feb 2006 13:34:10 +0100},
  biburl    = {http://dblp.org/rec/bib/journals/jacm/ClarkeGJLV03},
  bibsource = {dblp computer science bibliography, http://dblp.org}
}


@InCollection{AbadiLamport90,
  Title                    = {Composing specifications},
  Author                   = {M. Abadi and L. Lamport},
  Booktitle                = {Stepwise Refinement of Distributed Systems: Models, Formalism, Correctness},
  Publisher                = {Springer-Verlag},
  Year                     = {1990},
  Editor                   = {de Bakker, J.W. and de Roever, W.-P. and G. Rozenberg},
  Pages                    = {1--41},
  Series                   = {Lecture Notes in Computer Science 430}
}
@Book{AstroemMurray_2008,
  Title                    = {Feedback {S}ystems: {A}n {I}ntroduction for {S}cientists and {E}ngineers},
  Author                   = {Astr{\"o}m, Karl Johan and Murray, Richard M.},
  Publisher                = {Princeton {U}niversity {P}ress},
  Year                     = {2010}
}

@InProceedings{de2000concurrent,
  Title                    = {Concurrent omega-regular games},
  Author                   = {de Alfaro, Luca and Henzinger, Thomas A},
  Booktitle                = {Symposium on Logic in Computer Science.},
  Year                     = {2000},
  Organization             = {IEEE},
  Pages                    = {141--154}
}

@InProceedings{AHKV98,
  Title                    = {Alternating refinement relations},
  Author                   = {R. Alur and T.A. Henzinger and O. Kupferman and M.Y. Vardi},
  Booktitle                = {CONCUR'97},
  Year                     = {1998},
  Pages                    = {163--178},
  Publisher                = {Springer},
  Series                   = {LNCS 1466}
}

@InProceedings{AmesTSMKRG15,
  Title                    = {First steps toward formal controller synthesis for bipedal robots},
  Author                   = {Aaron D. Ames and Paulo Tabuada and Bastian Sch{\"{u}}rmann and Wen{-}Loong Ma and Shishir Kolathaya and Matthias Rungger and Jessy W. Grizzle},
  Booktitle                = {HSCC'15},
  Year                     = {2015},
  Pages                    = {209--218},
  Publisher                = {{ACM}}
}

@Article{Angeli02,
  Title                    = {A Lyapunov approach to incremental stability properties},
  Author                   = {D. Angeli},
  Journal                  = {{TAC}},
  Year                     = {2002},
  Number                   = {3},
  Pages                    = {410-421},
  Volume                   = {47},
}




@inproceedings{behrmann2007uppaal,
  title={Uppaal-tiga: Time for playing games!},
  author={Behrmann, Gerd and Cougnard, Agnes and David, Alexandre and Fleury, Emmanuel and Larsen, Kim Guldstrand and Lime, Didier},
  booktitle={CAV},
  volume={4590},
  pages={121--125},
  year={2007},
  organization={Springer}
}

@article{beyer2007software,
  title={The software model checker blast},
  author={Beyer, Dirk and Henzinger, Thomas A and Jhala, Ranjit and Majumdar, Rupak},
  journal={International Journal on Software Tools for Technology Transfer},
  volume={9},
  number={5-6},
  pages={505--525},
  year={2007},
  publisher={Springer}
}

@inproceedings{beyer2011cpachecker,
  title={{CPA}checker: A tool for configurable software verification},
  author={Beyer, Dirk and Keremoglu, M Erkan},
  booktitle={CAV},
  pages={184--190},
  year={2011},
  organization={Springer}
}

	
@article{GR1_2012,
title = "Synthesis of Reactive(1) designs",
journal = "Journal of Computer and System Sciences",
volume = "78",
number = "3",
pages = "911 - 938",
year = "2012",
author = "Roderick Bloem and Barbara Jobstmann and Nir Piterman and Amir Pnueli and Yaniv Sa'ar",
}

@Article{BorriPB14,
  Title                    = {Symbolic Control Design of Nonlinear Networked Control Systems},
  Author                   = {Alessandro Borri and Giordano Pola and Maria Domenica Di Benedetto},
  Journal                  = {CoRR},
  Year                     = {2014},
  Volume                   = {abs/1404.0237}
}

@Article{BorriPB12,
  Title                    = {Symbolic models for nonlinear control systems affected by disturbances},
  Author                   = {Alessandro Borri and Giordano Pola and Maria Domenica Di Benedetto},
  Journal                  = {Int. J. Control},
  Year                     = {2012},
  Number                   = {10},
  Pages                    = {1422--1432},
  Volume                   = {85},
}

@INPROCEEDINGS{CameraGirardGoessler_safety_2011,
author={J. C\'{a}mara and A. Girard and G. G\"{o}ssler},
booktitle={{CDC}},
title={Safety controller synthesis for switched systems using multi-scale symbolic models},
year={2011},
volume={},
number={},
pages={520-525},}

@inproceedings{CameraGirardGoessler_reach_2011,
 author = {J. C\'{a}mara and A. Girard and G. G\"{o}ssler},
 title = {Synthesis of Switching Controllers Using Approximately Bisimilar Multiscale Abstractions},
 booktitle = {HSCC},
 year = {2011},
 location = {Chicago, IL, USA},
 pages = {191--200},
} 

@inproceedings{cassez2005efficient,
  title={Efficient on-the-fly algorithms for the analysis of timed games},
  author={Cassez, Franck and David, Alexandre and Fleury, Emmanuel and Larsen, Kim G and Lime, Didier},
  booktitle={International Conference on Concurrency Theory},
  pages={66--80},
  year={2005},
  organization={Springer}
}



@inproceedings{cassez2007efficient,
  title={Efficient on-the-fly algorithms for partially observable timed games.},
  author={Cassez, Franck},
  booktitle={FORMATS},
  pages={5--24},
  year={2007},
  organization={Springer}
}

@inproceedings{clarke2000counterexample,
  title={Counterexample-guided abstraction refinement},
  author={Clarke, Edmund and Grumberg, Orna and Jha, Somesh and Lu, Yuan and Veith, Helmut},
  booktitle={CAV 2000},
  pages={154--169},
  year={2000},
  organization={Springer}
}

@inproceedings{cousot1977abstract,
  title={Abstract interpretation: a unified lattice model for static analysis of programs by construction or approximation of fixpoints},
  author={Cousot, Patrick and Cousot, Radhia},
  booktitle={POPL '77},
  pages={238--252},
  year={1977},
  organization={ACM}
}



@InProceedings{DallalTabuada2015,
  Title                    = {On compositional symbolic controller synthesis inspired by small-gain theorems},
  Author                   = {Dallal, Eric and Tabuada, Paulo},
  Booktitle                = {CDC'15},
  Year                     = {2015},
  Organization             = {IEEE},
  Pages                    = {6133--6138}
}

@article{dashkovskiy2011small,
  title={On a small gain theorem for ISS networks in dissipative Lyapunov form},
  author={Dashkovskiy, Sergey and Ito, Hiroshi and Wirth, Fabian},
  journal={European Journal of Control},
  volume={17},
  number={4},
  pages={357--365},
  year={2011},
  publisher={Elsevier}
}


@InProceedings{de1998concurrent,
  Title                    = {Concurrent reachability games},
  Author                   = {De Alfaro, Luca and Henzinger, Thomas A and Kupferman, Orna},
  Booktitle                = {Foundations of Computer Science},
  Year                     = {1998},
  Organization             = {IEEE},
  Pages                    = {564--575}
}

@inproceedings{EmersonJutla91,
	Author = {E. A. Emerson and C. S. Jutla},
	booktitle = {FOCS'91},
	Pages = {368-377},
	Title = {Tree automata, mu-calculus and determinacy},
	Year = {1991}
}

@article{esmaeil2013adaptive,
  title={Adaptive and sequential gridding procedures for the abstraction and verification of stochastic processes},
  author={Esmaeil Zadeh Soudjani, Sadegh and Abate, Alessandro},
  journal={SIAM Journal on Applied Dynamical Systems},
  volume={12},
  number={2},
  pages={921--956},
  year={2013},
  publisher={SIAM}
}

@Article{girard1,
  Title                    = {Approximately bisimilar finite abstractions of stable linear systems},
  Author                   = {A. Girard},
  Journal                  = {in HSCC'07},
  Year                     = {2007},
  Pages                    = {231-244},
  Volume                   = {4416},
}

@Article{girard,
  Title                    = {Approximation metrics for discrete and continuous systems},
  Author                   = {A. Girard and G. J. Pappas},
  Journal                  = {{TAC}},
  Year                     = {2007},
  Number                   = {5},
  Pages                    = {782-798},
  Volume                   = {25},
}
@article{Girard12,
  author    = {Antoine Girard},
  title     = {Controller synthesis for safety and reachability via approximate bisimulation},
  journal   = {Automatica},
  volume    = {48},
  number    = {5},
  pages     = {947--953},
  year      = {2012},
}
@article{girard2013composition,
  title={A composition theorem for bisimulation functions},
  author={Girard, Antoine},
  journal={arXiv preprint arXiv:1304.5153},
  year={2013}
}

@article{goodwin2001control,
  title={Control system design},
  author={Goodwin, Graham C and Graebe, Stefan F and Salgado, Mario E},
  journal={Upper Saddle River},
  year={2001}
}

@inproceedings{henzinger2003counterexample,
  title={Counterexample-guided control},
  author={Henzinger, Thomas A and Jhala, Ranjit and Majumdar, Rupak},
  booktitle={ICALP},
  pages={886--902},
  year={2003},
  organization={Springer}
}

@article{henzinger2002lazy,
  title={Lazy abstraction},
  author={Henzinger, Thomas A and Jhala, Ranjit and Majumdar, Rupak and Sutre, Gr{\'e}goire},
  journal={ACM SIGPLAN Notices},
  volume={37},
  number={1},
  pages={58--70},
  year={2002},
  publisher={ACM}
}


@article{hsu2018lazy1,
	titile={Lazy Abstraction-Based Control for Safety Specifications},
	author={Hsu, Kyle and Majumdar, Rupak and Mallik, Kaushik and Schmuck, Anne-Kathrin},
	journal={arXiv preprint arXiv:1804.02722},
	year={2018}
}

@article{hsu2018lazy2,
	titile={Lazy Abstraction-Based Control for Reachability},
	author={Hsu, Kyle and Majumdar, Rupak and Mallik, Kaushik and Schmuck, Anne-Kathrin},
	journal={arXiv preprint arXiv:1804.02666},
	year={2018}
}

@article{nghiem2012time,
  title={Time-triggered implementations of dynamic controllers},
  author={Nghiem, Truong and Pappas, George J and Alur, Rajeev and Girard, Antoine},
  journal={TECS},
  volume={11},
  number={S2},
  pages={58},
  year={2012},
  publisher={ACM}
}

@Article{Jones83,
  Title                    = {Tentative steps toward a development method for interfering programs},
  Author                   = {C.B. Jones},
  Journal                  = {Programming Languages and Systems},
  Year                     = {1983},
  Pages                    = {596--619},
  Volume                   = {5(4)}
}

@book{khalil1996noninear,
  title={Nonlinear Systems},
  author={Khalil, Hassan K},
  year={1996},
  publisher={Prentice-Hall, New Jersey}
}

@inproceedings{lindemann2006multiresolution,
  title={Multiresolution approach for motion planning under differential constraints},
  author={Lindemann, Stephen R and LaValle, Steven M},
  booktitle={ICRA},
  pages={139--144},
  year={2006},
  organization={IEEE}
}


@inproceedings{mouelhi2013cosyma,
  title={CoSyMA: a tool for controller synthesis using multi-scale abstractions},
  author={Mouelhi, Sebti and Girard, Antoine and G{\"o}ssler, Gregor},
  booktitle={HSCC},
  pages={83--88},
  year={2013},
  organization={ACM}
}

@incollection{MPS95,
	Author = {O. Maler and A. Pnueli and J. Sifakis},
	booktitle = {STACS'95},
	Pages = {229-242},
	Title = {On the synthesis of discrete controllers for timed systems},
        series = "LNCS",
        publisher = "Springer",
	Volume = {900},
	Year = {1995}}

@InProceedings{Pessoa,
  Title                    = {{PESSOA:} {A} Tool for Embedded Controller Synthesis},
  Author                   = {M. {Mazo~Jr.} and A. Davitian and P. Tabuada},
  Booktitle                = {{CAV} 2010},
  Year                     = {2010},
  Pages                    = {566--569},
  Publisher                = {Springer},
  Series                   = {Lecture Notes in Computer Science},
  Volume                   = {6174}
}

@Article{MC81,
  Title                    = {Proofs of networks of processes},
  Author                   = {J. Misra and K.M. Chandy},
  Journal                  = {Trans. on Software Engineering},
  Year                     = {1981},
  Number                   = {4},
  Pages                    = {417--426},
  Volume                   = {SE-7}
}




@Article{NilssonHBCAGOPT16,
  Title                    = {Correct-by-Construction Adaptive Cruise Control: Two Approaches},
  Author                   = {Petter Nilsson and Omar Hussien and Ayca Balkan and Yuxiao Chen and Aaron D. Ames and Jessy W. Grizzle and Necmiye Ozay and Huei Peng and Paulo Tabuada},
  Journal                  = {{IEEE} Trans. Contr. Sys. Techn.},
  Year                     = {2016},
  Number                   = {4},
  Pages                    = {1294--1307},
  Volume                   = {24}
}

@Article{PolaGT08,
  Title                    = {Approximately bisimilar symbolic models for nonlinear control systems},
  Author                   = {G. Pola and A. Girard and P. Tabuada},
  Journal                  = {Automatica},
  Year                     = {2008},
  Number                   = {10},
  Pages                    = {2508-2516},
  Volume                   = {44},
}

@InProceedings{PolaPB14,
  Title                    = {Symbolic models for networks of discrete-time nonlinear control systems},
  Author                   = {G. Pola and P. Pepe and M.D. Di Benedetto},
  Booktitle                = {{ACC}},
  Year                     = {2014},
  Pages                    = {1787--1792},
  Publisher                = {{IEEE}}
}

@Article{PolaPBTAC16,
  Title                    = {Symbolic Models for Networks of Control Systems},
  Author                   = {Pola, G. and Pepe, P. and Di Benedetto, M.D.},
  Journal                  = {{TAC}},
  Year                     = {2016},
  Note                     = {To appear}
}

@Article{pola2009symbolic,
  Title                    = {Symbolic models for nonlinear control systems: Alternating approximate bisimulations},
  Author                   = {Pola, Giordano and Tabuada, Paulo},
  Journal                  = {SIAM Journal on Control and Optimization},
  Year                     = {2009},
  Number                   = {2},
  Pages                    = {719--733},
  Volume                   = {48},

  Publisher                = {SIAM}
}

@InProceedings{rungger2015compositional,
  Title                    = {Compositional construction of approximate abstractions},
  Author                   = {Rungger, Matthias and Zamani, Majid},
  Booktitle                = {{HSCC}},
  Year                     = {2015},
  Organization             = {ACM},
  Pages                    = {68--77}
}


@InProceedings{Scots,
  Title                    = {{SCOTS:} {A} Tool for the Synthesis of Symbolic Controllers},
  Author                   = {M. Rungger and M. Zamani},
  Booktitle                = {{HSCC}},
  Year                     = {2016},
  Pages                    = {99--104},
  Publisher                = {{ACM}}
}

@article{somenzi2009cudd,
  title={CUDD: CU decision diagram package-release 2.4. 0},
  author={Somenzi, Fabio},
  journal={University of Colorado at Boulder},
  year={2009}
}



@Article{sontag,
  Title                    = {Forward completeness, unboundedness observability, and their Lyapunov characterizations},
  Author                   = {D. Angeli and E. D. Sontag},
  Journal                  = {Systems and Control Letters},
  Year                     = {1999},
  Pages                    = {209-217},
  Volume                   = {38},
}



@Book{TabuadaBook,
  Title                    = {Verification and control of hybrid systems: a symbolic approach},
  Author                   = {Tabuada, P.},
  Publisher                = {Springer}, 
  Year                     = {2009}
}

@Article{TabuadaPappas,
  Title                    = {Linear time logic control of discrete-time linear systems},
  Author                   = {P. Tabuada and G. J. Pappas},
  Journal                  = {{TAC}},
  Year                     = {2006},
  Number                   = {12},
  Pages                    = {1862-1877},
  Volume                   = {51},
}

@article{tazaki2008bisimilar,
  title={Bisimilar finite abstractions of interconnected systems},
  author={Tazaki, Yuichi and Imura, Jun-Ichi},
  journal={{HSCC}'08},
  pages={514--527},
  year={2008},
  publisher={Springer}
}

@inproceedings{tazaki2009discrete,
  title={Discrete-state abstractions of nonlinear systems using multi-resolution quantizer},
  author={Tazaki, Yuichi and Imura, Jun-ichi},
  booktitle={{HSCC}},
  pages={351--365},
  year={2009},
  organization={Springer}
}


@inproceedings{vizel2012lazy,
  title={Lazy abstraction and SAT-based reachability in hardware model checking},
  author={Vizel, Yakir and Grumberg, Orna and Shoham, Sharon},
  booktitle={FMCAD},
  pages={173--181},
  year={2012},
  organization={IEEE}
}


@Article{ZamaniAG15,
  Title                    = {Symbolic models for stochastic switched systems: {A} discretization and a discretization-free approach},
  Author                   = {Majid Zamani and Alessandro Abate and Antoine Girard},
  Journal                  = {Automatica},
  Year                     = {2015},
  Pages                    = {183--196},
  Volume                   = {55}
}

@Article{ZamaniEMAL14,
  Title                    = {Symbolic Control of Stochastic Systems via Approximately Bisimilar Finite Abstractions},
  Author                   = {Majid Zamani and Peyman Mohajerin Esfahani and Rupak Majumdar and Alessandro Abate and John Lygeros},
  Journal                  = {{TAC}},
  Year                     = {2014},
  Number                   = {12},
  Pages                    = {3135--3150},
  Volume                   = {59},
}

@InProceedings{ZamaniMA14,
  Title                    = {Finite abstractions of networked control systems},
  Author                   = {Majid Zamani and Manuel Mazo Jr. and Alessandro Abate},
  Booktitle                = {{CDC}'14},
  Year                     = {2014},
  Pages                    = {95--100},
  Publisher                = {{IEEE}}
}

@InProceedings{ZamaniRE15,
  Title                    = {Construction of approximations of stochastic control systems: {A} compositional approach},
  Author                   = {Majid Zamani and Matthias Rungger and Peyman Mohajerin Esfahani},
  Booktitle                = {{CDC}'15},
  Year                     = {2015},
  Pages                    = {525--530},
  Publisher                = {{IEEE}}
}

@article{zamani2016compositional,
  title={Compositional abstraction for networks of control systems: A dissipativity approach},
  author={Zamani, Majid and Arcak, Murat},
  journal={arXiv preprint arXiv:1608.01590},
  year={2016}
}



@ARTICLE{ZamaniPolaMazoTabuada_2012,
author={M. Zamani and G. Pola and M. Mazo and P. Tabuada},
journal={{TAC}},
title={Symbolic Models for Nonlinear Control Systems Without Stability Assumptions},
year={2012},
volume={57},
number={7},
pages={1804-1809},
}

@ARTICLE{GirardPolaTabuada_2010,
author={A. Girard and G. Pola and P. Tabuada},
journal={{TAC}},
title={Approximately Bisimilar Symbolic Models for Incrementally Stable Switched Systems},
year={2010},
volume={55},
number={1},
pages={116-126},
}

@inproceedings{LiuOzay_2014,
 author = {Liu, Jun and Ozay, Necmiye},
 title = {Abstraction, Discretization, and Robustness in Temporal Logic Control of Dynamical Systems},
 booktitle = {{HSCC} '14},
 year = {2014},
 isbn = {978-1-4503-2732-9},
 location = {Berlin, Germany},
 pages = {293--302},
} 

@ARTICLE{Girard2016_InterSampling,
author={A. Girard and G. G{\"o}ssler and S. Mouelhi},
journal={{TAC}},
title={Safety Controller Synthesis for Incrementally Stable Switched Systems Using Multiscale Symbolic Models},
year={2016},
volume={61},
number={6},
pages={1537-1549},
}

@article{Girard2012_ReachabilitySafety,
title = "Controller synthesis for safety and reachability via approximate bisimulation",
journal = "Automatica",
volume = "48",
number = "5",
pages = "947 - 953",
year = "2012",
}




@ARTICLE{ReissigWeberRungger_2017_FRR,
author={G. Reissig and A. Weber and M. Rungger},
journal={{TAC}},
title={Feedback Refinement Relations for the Synthesis of Symbolic Controllers},
year={2017},
volume={62},
number={4},
pages={1781-1796},}

@article{girard2010,
	author={A. Girard and G. Pola and P. Tabuada},
	journal={{TAC}},
	title={Approximately Bisimilar Symbolic Models for Incrementally Stable Switched Systems},
	year={2010},
	volume={55},
	number={1},
	pages={116-126}}
	
@article{girard2006towards,
  title={Towards a multiresolution approach to linear control},
  author={Girard, Antoine},
  journal={{TAC}},
  volume={51},
  number={8},
  pages={1261--1270},
  year={2006},
  publisher={IEEE}
}

	
@ARTICLE{WeberRunggerReissig_2016_OptimizedGrids,
author={A. Weber and M. Rungger and G. Reissig},
journal={{TAC}},
title={Optimized State Space Grids for Abstractions},
year={2016},}

@incollection{MuCalculus,
 author="J. Bradfield and  C. Stirling",
 year="2006",
 title="Modal mu-calculi",
 booktitle="The Handbook of Modal Logic",
 publisher="Elsevier",
 pages="721-–756"
}

	@book{MannaPnueli92vol1,
        author="Z. Manna and A. Pnueli",
	title="The Temporal Logic of Reactive and Concurrent Systems:
 		Specification",
	publisher="Springer",
        year="1992"
        }


@InProceedings{HsuMajumdarMallikSchmuck_HSCC18,
  Title                    = {Multi-Layered Abstraction-Based Controller Synthesis for Continuous-Time Systems},
  Author                   = {Kyle Hsu and Rupak Majumdar and Kaushik Mallik and Anne-Kathrin Schmuck},
  Booktitle                = {HSCC (to appear)},
  Year                     = {2018}
  }

@article{AlfaroRoy_2010,
  title={Solving games via three-valued abstraction refinement},
  author={de Alfaro, Luca and Roy, Pritam},
  journal={Information and Computation},
  volume={208},
  number={6},
  pages={666--676},
  year={2010}
}